<record><leader>00000cas a22000007a 4500</leader><controlfield tag="001">14442617</controlfield><controlfield tag="008">861020c19699999txuwr ne      0   a0eng d</controlfield><datafield ind1=" " ind2=" " tag="010"><subfield code="a">sn 86089738 </subfield></datafield><datafield ind1=" " ind2=" " tag="040"><subfield code="a">PPM</subfield><subfield code="b">eng</subfield><subfield code="c">PPM</subfield><subfield code="d">NSD</subfield><subfield code="d">PPM</subfield><subfield code="d">OCLCQ</subfield></datafield><datafield ind1=" " ind2=" " tag="012"><subfield code="m">1</subfield></datafield><datafield ind1="1" ind2=" " tag="022"><subfield code="a">1044-0348</subfield><subfield code="l">1044-0348</subfield><subfield code="2">1</subfield></datafield><datafield ind1=" " ind2=" " tag="032"><subfield code="a">335980</subfield><subfield code="b">USPS</subfield></datafield><datafield ind1=" " ind2=" " tag="042"><subfield code="a">msc</subfield><subfield code="a">nsdp</subfield></datafield><datafield ind1=" " ind2="4" tag="222"><subfield code="a">The McGregor mirror and Crawford sun</subfield></datafield><datafield ind1="0" ind2="4" tag="245"><subfield code="a">The McGregor mirror and the Crawford sun.</subfield></datafield><datafield ind1=" " ind2=" " tag="260"><subfield code="a">McGregor, Tex. :</subfield><subfield code="b">Thomas E. Mooney</subfield></datafield><datafield ind1=" " ind2=" " tag="300"><subfield code="a">v. :</subfield><subfield code="b">ill. ;</subfield><subfield code="c">58 cm.</subfield></datafield><datafield ind1=" " ind2=" " tag="310"><subfield code="a">Weekly</subfield></datafield><datafield ind1="1" ind2=" " tag="362"><subfield code="a">Began in 1969?</subfield></datafield><datafield ind1=" " ind2=" " tag="588"><subfield code="a">Description based on: Historical edition (July 4, 1976).</subfield></datafield><datafield ind1=" " ind2=" " tag="588"><subfield code="a">Latest issue consulted: Vol. 86, no. 14 (Thursday, Apr. 6, 1989).</subfield></datafield><datafield ind1=" " ind2=" " tag="752"><subfield code="a">United States</subfield><subfield code="b">Texas</subfield><subfield code="c">McLennan</subfield><subfield code="d">McGregor.</subfield></datafield><datafield ind1="0" ind2="4" tag="780"><subfield code="t">McGregor mirror</subfield><subfield code="w">(DLC)sn 86089738</subfield><subfield code="w">(OCoLC)18405574</subfield></datafield><datafield ind1="0" ind2="4" tag="780"><subfield code="t">Crawford sun</subfield><subfield code="w">(DLC)sn 88084160</subfield><subfield code="w">(OCoLC)14126193</subfield></datafield></record>